%@book{book:while,
%  author    = "Podkopaev, Anton and Korovianskii, Alexey and Ozernykh, Igor",
  %title     = "Языконезависимое форматирование текстов программ на основе сопоставления с образцом и сантаксических шаблонов",
%  title     = "A language-independent code formatting by syntactic matching and templates",
  %address   = "М.",
  %publisher = "Вильямс",
%  year      = 2015,
%  language  = "russian"
%}
@article{while,
  author = {Podkopaev, A. V. and Korovianskii, A. Yu. and Ozernykh, I. S.},
  title  = {A LANGUAGE-INDEPENDENT CODE FORMATTING BY SYNTACTIC MATCHING AND TEMPLATES},
  pages  = {37-50},
  doi    = {10.5862/JCSTCS.224.4},
  URL    = {http://ntv.spbstu.ru/fulltext/T4.224.2015_04.PDF}%,
  %jornal = {Научно-технические ведомости СПбГПУ 4' (224) 2015. Информатика. Телекоммуникации. Управление}
}

@book{maintenance,
  language     = "english",
  author       = "Alkhatib, G.",
  title        = "The maintenance problem of application software:
an empirical analysis",
  publisher = "Journal of Software Maintenance, 4(2):83–104",
  year         = 1992
}

@book{podkopaev:diploma,
  language     = "russian",
  author       = "Подкопаев, А.В.",
  title        = "Полиномиальной сложности оптимальные принтер-комбинаторы с выбором",
  publisher    = "Дипломная работа, кафедра системного программирования, математико-механический факультет СПбГУ",
  year         = 2014
}

